
@book{book,
  author    = {Somayya Madakam, R. Ramaswamy, Siddharth Tripathi}, 
  title     = {Internet of Things (IoT): A Literature Review},
  publisher = {IT Applications Group, National Institute of Industrial Engineering (NITIE), Vihar Lake, Mumbai, India},
  year      = 2015,
  url       = {https://www.scirp.org/html/56616\_56616.htm},
}

@book{bookSimon,
  author    = {Šimon Pavlišin}, 
  title     = {Otvorený IoT Lab pre stredné školy},
  year      = 2023,
}


@online{iotTuke,
  title        = {Základy internetu vecí},
  author       = {Miroslav Biňas},
  url          = {https://kurzy.kpi.fei.tuke.sk/iot1/},
  urldate      = {2022}
}

@online{educInit,
  title        = {Educational initiative IoT Step by Step 2021.},
  url          = {https://csn.chnu.edu.ua/news/iot-step-by-step-2021/},
  urldate      = {2023}
}

@online{wiki,
  title        = {Educational initiative IoT Step by Step 2021.},
  url          = {https://en.wikipedia.org/wiki/Internet\_of\_things},
  urldate      = {2023}
}

@online{iotTukeLekcia1,
  title        = {Základy internetu vecí: lecture 1},
  url          = {https://kurzy.kpi.fei.tuke.sk/iot1/2023/lecture.01.html},
  urldate      = {2023}
}

@online{arduinoPyt,
  title        = {MicroPython with Arduino Boards},
  url          = {https://docs.arduino.cc/learn/programming/arduino-and-python},
  urldate      = {2023}
}

@online{cytron,
  title        = {Cytron Maker Pi Pico Base},
  url          = {https://rpishop.cz/pico-karty/3854-cytron-maker-pi-pico-base-deska-pro-pi-pico-pro-zacatecniky-38515758.html},
  urldate      = {2023}
}

@online{breadboard,
  title        = {Breadboard},
  url          = {https://en.wikipedia.org/wiki/Breadboard},
  urldate      = {2023}
}

@online{piPico,
  title        = {Raspberry Pi Pico and Pico W},
  url          = {https://www.raspberrypi.com/documentation/microcontrollers/raspberry-pi-pico.html},
  urldate      = {2023}
}

@online{ciscoKurz,
  author    = {Cisco}, 
  title        = {Cisco Networking academy: Introduction to IoT},
  url          = {https://www.netacad.com/courses/iot/introduction-iot},
  urldate      = {2023}
}

@online{slovakKurz,
  title        = {školenie Internet vecí (IoT) a robotika.},
  url          = {http://www.soseza.sk/milan/akcie/2017IoT.php},
  urldate      = {2023}
}

@online{educPac,
  title        = {Internet of Things Education Package.},
  url          = {https://education.softwareag.com/internet-of-things},
  urldate      = {2023}
}

@online{educInit,
  title        = {Educational initiative IoT Step by Step 2021.},
  url          = {https://csn.chnu.edu.ua/news/iot-step-by-step-2021/},
  urldate      = {2023}
}

@online{spotrebaEnergie1,
  title        = {Raspberry PI Pico W Power Consumption (mA) and How to Reduce It.},
  url          = {https://peppe8o.com/raspberry-pi-pico-w-power-consumption/},
  urldate      = {2023}
}

@online{spotrebaEnergie2,
  author       = {element14 presents}, 
  year         = 2022,
  title        = {Measuring the Raspberry Pi Pico W's Power Consumption - Workbench Wednesdays.},
  url          = {https://www.youtube.com/watch?v=GqmnV_T4yAU&ab_channel=element14presents},
  urldate      = {2023}
}
@online{spotrebaEnergie3,
  author       = {TOMISIN OLUJINMI}, 
  year         = 2022,
  title        = {Raspberry Pi Pico vs. ESP32: Which Microcontroller Is Right for You?},
  url          = {https://www.makeuseof.com/raspberry-pi-pico-vs-esp32-microcontroller/},
  urldate      = {2023}
}

@online{sklenik1,
  author       = {Ingeimaks Ingeimaks}, 
  year         = 2021,
  title        = {DIY home automation greenhouse},
  url          = {https://www.hackster.io/Ingeimaks/diy-home-automation-greenhouse-fd82f1},
  urldate      = {2023}
}

@online{sklenik2,
  author       = {Benjamin Lang}, 
  year         = 2022,
  title        = {Automated Greenhouse (Arduino)},
  url          = {https://www.youtube.com/watch?v=APs9M0DYuLM&ab_channel=BenjaminLang},
  urldate      = {2023}
}

@online{sklenik3,
  title        = {Automated Greenhouse},
  url          = {https://www.instructables.com/Automated-Greenhouse/},
  urldate      = {2023}
}

@online{KA,
  author       = {Eliška Šestáková}, 
  title        = {Konečný automat},
  url          = {https://www.youtube.com/watch?v=C5KerRqrC8c&ab_channel=Eli%C5%A1ka%C5%A0est%C3%A1kov%C3%A1},
  urldate      = {2023}
}



